<?xml version="1.0" encoding="UTF-8"?><collection xmlns="http://www.loc.gov/MARC21/slim"><record><leader>00310nam--2200109-i-4500</leader><controlfield tag="001">000038564</controlfield><controlfield tag="002">20161230</controlfield><controlfield tag="005">20161230201041</controlfield><controlfield tag="008">060222s1000------------r-----000-0-eng-d</controlfield><datafield ind1=" " ind2=" " tag="245"><subfield code="a">Reference manual. 709/7090 fortran programming system</subfield></datafield><datafield ind1=" " ind2=" " tag="260"><subfield code="a">New York, Intern.Business Machines Corp, 1961. 104 P</subfield></datafield><datafield ind1=" " ind2=" " tag="852"><subfield code="a">13856</subfield></datafield></record></collection>